@article{GE_LS,
	title = {Load Shedding, Load Restoration and Generator Protection Using Solid-state and Electromechanical Underfrequency Relays},
	journal = {General Electrics White Paper},
	author = {Warren C. New},
}
